
@article{ericsson_verbal_1980,
	title = {Verbal {Reports} as {Data}},
	volume = {87},
	url = {https://eric.ed.gov/?id=EJ231273},
	abstract = {Accounting for verbal reports requires explication of the mechanisms by which the reports are generated and influenced by experimental factors. We discuss different cognitive processes underlying verbalization and present a model of how subjects, when asked to think aloud, verbalize information from their short-term memory. (Author/GDC)},
	language = {en},
	number = {3},
	urldate = {2017-05-18},
	journal = {Psychological Review},
	author = {Ericsson, K. Anders and Simon, Herbert A.},
	month = may,
	year = {1980},
	keywords = {Behavioral Science Research, Cognitive Processes, Data analysis, Data Collection, Literature Reviews, Memory, Questioning Techniques, research methodology, Research Problems, Short Term Memory, Speech Communication},
	pages = {215--51},
	file = {Simon-Verbal.pdf:C\:\\Users\\Benny\\AppData\\Roaming\\Mozilla\\Firefox\\Profiles\\6tnp53ur.default\\zotero\\storage\\S6HIGSZN\\Simon-Verbal.pdf:application/pdf;Snapshot:C\:\\Users\\Benny\\AppData\\Roaming\\Mozilla\\Firefox\\Profiles\\6tnp53ur.default\\zotero\\storage\\THZDTGGQ\\eric.ed.gov.html:text/html}
}